<record><leader>00000cas a22000007a 4500</leader><controlfield tag="001">10221055</controlfield><controlfield tag="008">831215d19741984vauwr n       0   a0eng d</controlfield><datafield ind1=" " ind2=" " tag="010"><subfield code="a">sn 83005427 </subfield></datafield><datafield ind1=" " ind2=" " tag="040"><subfield code="a">NSD</subfield><subfield code="b">eng</subfield><subfield code="c">NSD</subfield><subfield code="d">NVK</subfield><subfield code="d">OCLCQ</subfield><subfield code="d">OCLCF</subfield><subfield code="d">OCLCO</subfield></datafield><datafield ind1=" " ind2=" " tag="012"><subfield code="m">1</subfield></datafield><datafield ind1="1" ind2=" " tag="022"><subfield code="a">0746-6846</subfield><subfield code="l">0746-6846</subfield><subfield code="2">1</subfield></datafield><datafield ind1="1" ind2=" " tag="029"><subfield code="a">AU@</subfield><subfield code="b">000020415370</subfield></datafield><datafield ind1="1" ind2=" " tag="029"><subfield code="a">NZ1</subfield><subfield code="b">16068699</subfield></datafield><datafield ind1=" " ind2=" " tag="032"><subfield code="a">492860</subfield><subfield code="b">USPS</subfield></datafield><datafield ind1=" " ind2=" " tag="042"><subfield code="a">nsdp</subfield></datafield><datafield ind1=" " ind2=" " tag="043"><subfield code="a">n-us-va</subfield></datafield><datafield ind1=" " ind2="4" tag="222"><subfield code="a">The Shenandoah herald, Shenandoah Valley</subfield></datafield><datafield ind1="0" ind2="4" tag="245"><subfield code="a">The Shenandoah herald and Shenandoah Valley.</subfield></datafield><datafield ind1="1" ind2=" " tag="246"><subfield code="i">Published as:</subfield><subfield code="a">Shenandoah herald Shenandoah Valley</subfield><subfield code="f">Jan. 8, 1981-</subfield></datafield><datafield ind1="3" ind2="0" tag="246"><subfield code="a">Shenandoah herald</subfield></datafield><datafield ind1="1" ind2="3" tag="246"><subfield code="a">Shenandoah Valley-Herald</subfield></datafield><datafield ind1=" " ind2=" " tag="260"><subfield code="a">Woodstock, Va. :</subfield><subfield code="b">Page Newspaper Corp.,</subfield><subfield code="c">1974-</subfield></datafield><datafield ind1=" " ind2=" " tag="310"><subfield code="a">Weekly</subfield></datafield><datafield ind1="0" ind2=" " tag="362"><subfield code="a">Vol. 157, no. 6 (Feb. 6, 1974)-v. 167, no. 36 (Oct. 18, 1984).</subfield></datafield><datafield ind1=" " ind2=" " tag="500"><subfield code="a">Publisher varies: Page-Shenandoah Newspaper Corp., &lt;1983&gt;-</subfield></datafield><datafield ind1=" " ind2="0" tag="651"><subfield code="a">Woodstock (Shenandoah County, Va.)</subfield><subfield code="v">Newspapers.</subfield></datafield><datafield ind1=" " ind2="0" tag="651"><subfield code="a">Shenandoah County (Va.)</subfield><subfield code="v">Newspapers.</subfield></datafield><datafield ind1=" " ind2="7" tag="655"><subfield code="a">Newspapers.</subfield><subfield code="2">fast</subfield><subfield code="0">(OCoLC)fst01423814</subfield></datafield><datafield ind1=" " ind2="7" tag="651"><subfield code="a">Virginia</subfield><subfield code="z">Shenandoah County.</subfield><subfield code="2">fast</subfield><subfield code="0">(OCoLC)fst01219281</subfield></datafield><datafield ind1=" " ind2="7" tag="651"><subfield code="a">Virginia</subfield><subfield code="z">Woodstock (Shenandoah County)</subfield><subfield code="2">fast</subfield><subfield code="0">(OCoLC)fst01313693</subfield></datafield><datafield ind1=" " ind2=" " tag="752"><subfield code="a">United States</subfield><subfield code="b">Virginia</subfield><subfield code="c">Shenandoah</subfield><subfield code="d">Woodstock.</subfield></datafield><datafield ind1="0" ind2="0" tag="780"><subfield code="t">Shenandoah herald (Woodstock, Va. : 1865)</subfield><subfield code="w">(DLC)sn 85026941</subfield></datafield><datafield ind1="0" ind2="0" tag="785"><subfield code="t">Shenandoah valley-herald</subfield><subfield code="w">(DLC)sn 98068332</subfield></datafield></record>